@article{schoen2013,
    author  = {Torsten Schoen and Co Author},
    title   = {Ten things you better not say to your wife},
    journal = {Optimizing Husbands},
    volume  = {21},
    year    = {2013},
    pages   = {85--91},
 }