@inproceedings{	GurevychEtal2007dkpro0,
	author = {Iryna Gurevych and Max M{\"u}hlh{\"a}user and Christof M{\"u}ller and
J{\"u}rgen Steimle and Markus Weimer and Torsten Zesch},
	title = {Darmstadt Knowledge Processing Repository Based on UIMA},
	month = apr,
	year = {2007},
	address = {T{\"u}bingen, Germany},
	booktitle = {Proceedings of the First Workshop on Unstructured Information Management
Architecture at Biannual Conference of the Society for Computational
Linguistics and Language Technology},
	pubkey = {GurevychEtal2007dkpro0},
	research_area = {Ubiquitous Knowledge Processing},
	research_sub_area = {UKP_p_DKPro, UKP_s_DKPro_Core},
	pdf = {fileadmin/user_upload/Group_UKP/publikationen/2007/gldv-uima-ukp.pdf},
}
@inproceedings{	TUD-CS-2014-0864,
	author = {Richard Eckart de Castilho and Iryna Gurevych},
	title = {A broad-coverage collection of portable NLP components for building
shareable analysis pipelines},
	month = aug,
	year = {2014},
	booktitle = {Proceedings of the Workshop on Open Infrastructures and Analysis Frameworks
for HLT (OIAF4HLT) at COLING 2014},
	pages = {1--11},
	location = {Dublin, Ireland},
	language = {English},
	pubkey = {TUD-CS-2014-0864},
	research_area = {Ubiquitous Knowledge Processing},
	research_sub_area = {UKP_p_DKPro, UKP_s_DKPro_Core, UKP_a_LangTech4eHum},
	Website = {http://aclanthology.info/papers/a-broad-coverage-collection-of-portable-nlp-components-for-building-shareable-analysis-pipelines},
	pdf = {aclweb.org/anthology/W14-5201 _blank},
}
@ONLINE{uima:Online,
title = {Overview and Setup, uima.apache.org},
year = {2006},
url = {https://uima.apache.org/d/uimaj-2.6.0/overview_and_setup.html}
}

